<record><leader>00000cas a22000007a 4500</leader><controlfield tag="001">36004878</controlfield><controlfield tag="008">961126d19181923sduwr ne      0    0eng d</controlfield><datafield ind1=" " ind2=" " tag="010"><subfield code="a">sn 96090290 </subfield></datafield><datafield ind1=" " ind2=" " tag="040"><subfield code="a">SXN</subfield><subfield code="b">eng</subfield><subfield code="c">SXN</subfield><subfield code="d">OCLCQ</subfield><subfield code="d">OCLCF</subfield><subfield code="d">OCLCO</subfield></datafield><datafield ind1="1" ind2=" " tag="029"><subfield code="a">AU@</subfield><subfield code="b">000012971840</subfield></datafield><datafield ind1=" " ind2=" " tag="042"><subfield code="a">msc</subfield></datafield><datafield ind1=" " ind2=" " tag="043"><subfield code="a">n-us-sd</subfield></datafield><datafield ind1="0" ind2="0" tag="245"><subfield code="a">Burke investor-gazette.</subfield></datafield><datafield ind1=" " ind2=" " tag="260"><subfield code="a">Burke, Gregory County, S.D. :</subfield><subfield code="b">A.M. Church</subfield></datafield><datafield ind1=" " ind2=" " tag="300"><subfield code="a">v.</subfield></datafield><datafield ind1=" " ind2=" " tag="310"><subfield code="a">Weekly</subfield></datafield><datafield ind1="0" ind2=" " tag="362"><subfield code="a">Vol. 13, no. 24 (Apr. 11, 1918)-v. 18, no. 24 (Apr. 12, 1923).</subfield></datafield><datafield ind1=" " ind2=" " tag="530"><subfield code="a">Available on microfilm from: State Archives, South Dakota State Historical Society.</subfield></datafield><datafield ind1=" " ind2=" " tag="580"><subfield code="a">Formed by the union of: Rosebud investor, and: Burke gazette (Burke, S.D. : 1904).</subfield></datafield><datafield ind1=" " ind2="0" tag="651"><subfield code="a">Burke (S.D.)</subfield><subfield code="v">Newspapers.</subfield></datafield><datafield ind1=" " ind2="0" tag="651"><subfield code="a">Gregory County (S.D.)</subfield><subfield code="v">Newspapers.</subfield></datafield><datafield ind1=" " ind2="7" tag="655"><subfield code="a">Newspapers.</subfield><subfield code="2">fast</subfield><subfield code="0">(OCoLC)fst01423814</subfield></datafield><datafield ind1=" " ind2="7" tag="651"><subfield code="a">South Dakota</subfield><subfield code="z">Burke.</subfield><subfield code="2">fast</subfield><subfield code="0">(OCoLC)fst01306941</subfield></datafield><datafield ind1=" " ind2="7" tag="651"><subfield code="a">South Dakota</subfield><subfield code="z">Gregory County.</subfield><subfield code="2">fast</subfield><subfield code="0">(OCoLC)fst01206380</subfield></datafield><datafield ind1=" " ind2=" " tag="752"><subfield code="a">United States</subfield><subfield code="b">South Dakota</subfield><subfield code="c">Gregory</subfield><subfield code="d">Burke.</subfield></datafield><datafield ind1="1" ind2="4" tag="780"><subfield code="t">Burke gazette (Burke, S.D. : 1904)</subfield><subfield code="w">(DLC)sn 96090288</subfield></datafield><datafield ind1="1" ind2="4" tag="780"><subfield code="t">Rosebud investor</subfield><subfield code="w">(DLC)sn 96090277</subfield></datafield><datafield ind1="0" ind2="0" tag="785"><subfield code="t">Burke gazette (Burke, S.D. : 1923)</subfield><subfield code="w">(DLC)sn 96090291</subfield></datafield></record>